@online{LUA,
  author   = {Roberto Ierusalimschy},
  title    = {Programming in Lua - Tables},
  url      = {https://www.lua.org/pil/2.5.html},
  addendum = {(Data di riferimento: 09/12/2022)},
  keywords = {lua, tables, data structure}
}